@INPROCEEDINGS{alzheimer,
  author={S. {Tirunagari} and S. {Kouchaki} and D. {Abasolo} and N. {Poh}},
  booktitle={2017 22nd International Conference on Digital Signal Processing (DSP)}, 
  title={One dimensional local binary patterns of electroencephalogram signals for detecting Alzheimer's disease}, 
  year={2017},
  volume={},
  number={},
  pages={1-5},}
  
  @INPROCEEDINGS{laelaps_long,
  author={A. {Burrello} and L. {Cavigelli} and K. {Schindler} and L. {Benini} and A. {Rahimi}},
  booktitle={2019 Design, Automation   Test in Europe Conference   Exhibition (DATE)}, 
  title={Laelaps: An Energy-Efficient Seizure Detection Algorithm from Long-term Human iEEG Recordings without False Alarms}, 
  year={2019},
  volume={},
  number={},
  pages={752-757},}
  
  @INPROCEEDINGS{epilepsy_short,
  author={A. {Burrello} and K. {Schindler} and L. {Benini} and A. {Rahimi}},
  booktitle={2018 IEEE Biomedical Circuits and Systems Conference (BioCAS)},
  title={One-shot Learning for iEEG Seizure Detection Using End-to-end Binary Operations: Local Binary Patterns with Hyperdimensional Computing},
  year={2018},
  volume={},
  number={},
  pages={1-4},}
  
  
  @ARTICLE{epilepsy_lbp,
  author={A. {Burrello} and K. {Schindler} and L. {Benini} and A. {Rahimi}},
  journal={IEEE Transactions on Biomedical Engineering}, 
  title={Hyperdimensional Computing With Local Binary Patterns: One-Shot Learning of Seizure Onset and Identification of Ictogenic Brain Regions Using Short-Time iEEG Recordings}, 
  year={2020},
  volume={67},
  number={2},
  pages={601-613},}
  
  @ARTICLE{neural_epilepsy,
  author={H. {Daoud} and M. A. {Bayoumi}},
  journal={IEEE Transactions on Biomedical Circuits and Systems}, 
  title={Efficient Epileptic Seizure Prediction Based on Deep Learning}, 
  year={2019},
  volume={13},
  number={5},
  pages={804-813},}
  
  @INPROCEEDINGS{lbp,
  author={N. {Chatlani} and J. J. {Soraghan}},
  booktitle={2010 18th European Signal Processing Conference}, 
  title={Local binary patterns for 1-D signal processing}, 
  year={2010},
  volume={},
  number={},
  pages={95-99},}
  
  @ARTICLE{lbp_facial,
  author={S. {He} and J. J. {Soraghan} and B. F. {O'Reilly} and D. {Xing}},
  journal={IEEE Transactions on Biomedical Engineering}, 
  title={Quantitative Analysis of Facial Paralysis Using Local Binary Patterns in Biomedical Videos}, 
  year={2009},
  volume={56},
  number={7},
  pages={1864-1870},}
 
@article{what_is_epilepsy,
author = {Fisher, Robert and Acevedo, Carlos and Arzimanoglou, Alexis and Bogacz, Alicia and Cross, Judith and Elger, Christian and Engel, Jerome and Forsgren, Lars and French, Jacqueline and Glynn, Mike and Hesdorffer, Dale and Lee, B.I. and Mathern, Gary and Moshe, Solomon and Perucca, Emilio and Scheffer, Ingrid and Tomson, Torbj√∂rn and Watanabe, Masako and Wiebe, Samuel},
year = {2014},
month = {04},
pages = {},
title = {ILAE Official Report: A practical clinical definition of epilepsy},
volume = {55},
journal = {Epilepsia},
doi = {10.1111/epi.12550}
}

@INPROCEEDINGS{tokyo_expert_epilepsy,
  author={M. S. A. {Akter} and M. R. I. {Islam} and T. T. {Tanaka} and K. F. {Fukumori} and Y. I. {Iimura} and H. S. {Sugano}},
  booktitle={2019 8th International Congress on Advanced Applied Informatics (IIAI-AAI)}, 
  title={Automatic Identification of Epileptic Focus on High-Frequency Components in Interictal iEEG}, 
  year={2019},
  volume={},
  number={},
  pages={1075-1076},}
  
  @misc{epilepsy_db,
  title = {{Seizures database} ETH},
  howpublished = {\url{http://ieeg-swez.ethz.ch/}},
  note = {Accessed: 2020-05-23}
}

@incollection{fir_goerge_ellis,
title = "Chapter 9 - Filters in Control Systems",
editor = "George Ellis",
booktitle = "Control System Design Guide (Fourth Edition)",
publisher = "Butterworth-Heinemann",
edition = "Fourth Edition",
address = "Boston",
pages = "165 - 183",
year = "2012",
isbn = "978-0-12-385920-4",
doi = "https://doi.org/10.1016/B978-0-12-385920-4.00009-6",
url = "http://www.sciencedirect.com/science/article/pii/B9780123859204000096",
author = "George Ellis"
}

@ARTICLE{convolutional,
  author={S. {Lawrence} and C. L. {Giles} and  {Ah Chung Tsoi} and A. D. {Back}},
  journal={IEEE Transactions on Neural Networks}, 
  title={Face recognition: a convolutional neural-network approach}, 
  year={1997},
  volume={8},
  number={1},
  pages={98-113},
  }
